<?xml version="1.0" encoding="UTF-8"?>
<record xmlns="http://www.loc.gov/MARC21/slim" xmlns:xsi="http://www.w3.org/2001/XMLSchema-instance" xsi:schemaLocation="http://www.loc.gov/MARC21/slim http://www.loc.gov/standards/marcxml/schema/MARC21slim.xsd">
<leader>     cam a2200337 a 4500</leader>
<controlfield tag="001">001858324</controlfield>
<controlfield tag="003">NNU</controlfield>
<controlfield tag="005">20061010172151.0</controlfield>
<controlfield tag="008">900605m19481952ua       b    000 0 ara d</controlfield>
<datafield tag="035" ind1="9" ind2=" ">
<subfield code="a">NYUb10796361</subfield>
</datafield>
<datafield tag="035" ind1=" " ind2=" ">
<subfield code="a">(CStRLIN)NYUG90-B23784</subfield>
</datafield>
<datafield tag="041" ind1="1" ind2=" ">
<subfield code="a">ara</subfield>
<subfield code="h">grc</subfield>
</datafield>
<datafield tag="066" ind1=" " ind2=" ">
<subfield code="c">(3</subfield>
</datafield>
<datafield tag="090" ind1=" " ind2=" ">
<subfield code="a">B491.L8</subfield>
<subfield code="b">A85</subfield>
</datafield>
<datafield tag="100" ind1="0" ind2=" ">
<subfield code="6">880-01</subfield>
<subfield code="a">Aristotle.</subfield>
</datafield>
<datafield tag="240" ind1="1" ind2="0">
<subfield code="a">Organon.</subfield>
<subfield code="l">Arabic</subfield>
</datafield>
<datafield tag="245" ind1="1" ind2="0">
<subfield code="6">880-02</subfield>
<subfield code="a">Manṭiq Arisṭū /</subfield>
<subfield code="c">ḥaqqaqa wa-qaddama lahu ʻAbd al-Raḥmān Badawī.</subfield>
</datafield>
<datafield tag="260" ind1=" " ind2=" ">
<subfield code="6">880-03</subfield>
<subfield code="a">al-Qāhirah :</subfield>
<subfield code="b">Dār al-Kutub al-Miṣrīyah,</subfield>
<subfield code="c">1948-1952.</subfield>
</datafield>
<datafield tag="300" ind1=" " ind2=" ">
<subfield code="a">3 v. ;</subfield>
<subfield code="c">24 cm.</subfield>
</datafield>
<datafield tag="490" ind1="1" ind2=" ">
<subfield code="6">880-04</subfield>
<subfield code="a">Dirāsāt Islāmīyah ;</subfield>
<subfield code="v">7</subfield>
</datafield>
<datafield tag="500" ind1=" " ind2=" ">
<subfield code="a">Title on p. [4] of cover: Organon Aristotelis.</subfield>
</datafield>
<datafield tag="520" ind1=" " ind2=" ">
<subfield code="a">Includes bibliographical references.</subfield>
</datafield>
<datafield tag="650" ind1=" " ind2="0">
<subfield code="a">Logic</subfield>
<subfield code="v">Early works to 1800.</subfield>
</datafield>
<datafield tag="700" ind1="1" ind2=" ">
<subfield code="a">Badawī, ʻAbd al-Raḥmān</subfield>
<subfield code="6">880-05</subfield>
</datafield>
<datafield tag="740" ind1="0" ind2=" ">
<subfield code="a">Organon Aristotelis.</subfield>
</datafield>
<datafield tag="880" ind1="0" ind2=" ">
<subfield code="6">100-01/</subfield>
<subfield code="a">ارسطو.</subfield>
</datafield>
<datafield tag="880" ind1="1" ind2="0">
<subfield code="6">245-02/</subfield>
<subfield code="a">منطق ارسطو /</subfield>
<subfield code="c">حققه وقدم له عبدالرحمن بدوي.</subfield>
</datafield>
<datafield tag="880" ind1=" " ind2=" ">
<subfield code="6">260-03/</subfield>
<subfield code="a">القاهره :</subfield>
<subfield code="b">دار الكتب المصرية،</subfield>
<subfield code="c">١٩٤٨-١٩٥٢</subfield>
</datafield>
<datafield tag="880" ind1="1" ind2=" ">
<subfield code="6">490-04/</subfield>
<subfield code="a">دراسات اسلامية ؛</subfield>
<subfield code="v">٧</subfield>
</datafield>
<datafield tag="880" ind1="1" ind2=" ">
<subfield code="6">700-05/</subfield>
<subfield code="a">بدوي، عبدالرحمن.</subfield>
</datafield>
<datafield tag="800" ind1="1" ind2=" ">
<subfield code="a">Badawī, ʻAbd al-Raḥmān.</subfield>
<subfield code="t">Dirāsāt Islāmīyah ;</subfield>
<subfield code="v">7.</subfield>
</datafield>
<datafield tag="OWN" ind1=" " ind2=" ">
<subfield code="a">GENERAL</subfield>
</datafield>
<datafield tag="998" ind1=" " ind2=" ">
<subfield code="a">20001012</subfield>
<subfield code="d">19900605</subfield>
<subfield code="d">20021006</subfield>
<subfield code="n">NNU</subfield>
<subfield code="s">1</subfield>
<subfield code="t">c</subfield>
<subfield code="z">p</subfield>
</datafield>
<datafield tag="AVA" ind1=" " ind2=" ">
<subfield code="a">NYU50</subfield>
<subfield code="b">BOBST</subfield>
<subfield code="c">Main Collection</subfield>
<subfield code="d">B491.L8 A85</subfield>
<subfield code="e">unavailable</subfield>
<subfield code="t">Unavailable</subfield>
<subfield code="f">3</subfield>
<subfield code="g">3</subfield>
<subfield code="h">Y</subfield>
<subfield code="i">3</subfield>
<subfield code="j">MAIN</subfield>
<subfield code="k">0</subfield>
</datafield>
</record>
